<<<<<<< HEAD
@misc{William,
       author = "Laurie Williams ",
       title = "Strengthening the Case for Pair-Programming",
       location = "University of Utah Computer Science" }
@misc{Jeff
author="Jeff Atwood"
title="Code Reviews: Just Do It"
date="January 21, 2006"
}
=======
@book{McConnell:2004:CCS:1096143,
	 author = {McConnell, Steve},
	 title = {Code Complete, Second Edition},
	 year = {2004},
	 isbn = {0735619670, 9780735619678},
	 publisher = {Microsoft Press},
	 address = {Redmond, WA, USA},
} 
>>>>>>> 507875fd21f16386046d8abefaf5547324ed8f8e
